@online{two_second,
author = {New York State Department of Motor Vehicles},
title = {NYS DMV - Driver's Manual - Chapter 8: Defensive Driving},
month = feb,
year = {2014},
url = {http://dmv.ny.gov/dmanual/chapter08-manual.htm}
}

@article{tang_2004,
Author = {Tang, TQ and Huang, HJ},
Title = {{Continuum models for freeways with two lanes and numerical tests}},
Journal = {{CHINESE SCIENCE BULLETIN}},
Year = {{2004}},
Volume = {{49}},
Number = {{19}},
Pages = {{2097-2104}},
Month = {{OCT}},
DOI = {{10.1360/04we0138}},
ISSN = {{1001-6538}},
Unique-ID = {{ISI:000225725000017}},
}

@article{jiang_2002,
Author = {Jiang, R and Wu, QS and Zhu, ZJ},
Title = {{A new continuum model for traffic flow and numerical tests}},
Journal = {{TRANSPORTATION RESEARCH PART B-METHODOLOGICAL}},
Year = {{2002}},
Volume = {{36}},
Number = {{5}},
Pages = {{405-419}},
Month = {{JUN}},
DOI = {{10.1016/S0191-2615(01)00010-8}},
ISSN = {{0191-2615}},
ResearcherID-Numbers = {{Jiang, Rui/F-9719-2013}},
Unique-ID = {{ISI:000175333800002}},
}


@article{lighthill_1955,
Author = {Lighthill, M. H.; Whitham, G. B.},
Title = {{On kinematic waves II: A theory of traffic flow on long crowded roads}},
Journal = {{Proceedings of the Royal Society}},
Year = {{1955}},
Volume = {{229}},
Pages = {{317-345}}
}

@article{richards_1955,
Author = {RICHARDS, PI},
Title = {{SHOCK-WAVES ON THE HIGHWAY}},
Journal = {{OPERATIONS RESEARCH}},
Year = {{1956}},
Volume = {{4}},
Number = {{1}},
Pages = {{42-51}},
DOI = {{10.1287/opre.4.1.42}},
ISSN = {{0030-364X}},
Unique-ID = {{ISI:A1956XF46400004}},
}
